################################################################
# anderson-2002-thesis-boundary-tracing-pdes
################################################################

@phdthesis {anderson-2002-thesis-boundary-tracing-pdes,
    AUTHOR = {Anderson, Michael L.},
      YEAR = {2002},
     TITLE = {Boundary tracing methods for partial differential equations},
    SCHOOL = {Department of Mathematics \&~Statistics,
              University of Western Australia},
       DOI = {10.26182/5d4788bbf2416},
       URL = {https://doi.org/10.26182/5d4788bbf2416},
}

################################################################
# anderson-2006-exact-solutions-laplace-young
################################################################

MathSciNet MR2278170
Publications results for "Author=(anderson and bassom and fowkes)"

@article {anderson-2006-exact-solutions-laplace-young,
    AUTHOR = {Anderson, Michael L. and Bassom, Andrew P. and Fowkes,
              Neville},
      YEAR = {2006},
     TITLE = {Exact solutions of the {Laplace}--{Young} equation},
   JOURNAL = {Proc. R. Soc. Lond. Ser. A Math. Phys. Eng. Sci.},
    VOLUME = {462},
    NUMBER = {2076},
     PAGES = {3645--3656},
      ISSN = {1364-5021},
       DOI = {10.1098/rspa.2006.1744},
       URL = {https://doi.org/10.1098/rspa.2006.1744},
}

################################################################
# anderson-2007-boundary-tracing-i-theory
################################################################

MathSciNet MR2337509
Publications results for "Author=(anderson and bassom and fowkes)"

@article {anderson-2007-boundary-tracing-i-theory,
    AUTHOR = {Anderson, Michael L. and Bassom, Andrew P. and Fowkes,
              Neville},
      YEAR = {2007},
     TITLE = {Boundary tracing and boundary value problems. {I}. {Theory}},
   JOURNAL = {Proc. R. Soc. Lond. Ser. A Math. Phys. Eng. Sci.},
    VOLUME = {463},
    NUMBER = {2084},
     PAGES = {1909--1924},
      ISSN = {1364-5021},
       DOI = {10.1098/rspa.2007.1858},
       URL = {https://doi.org/10.1098/rspa.2007.1858},
}

################################################################
# anderson-2007-boundary-tracing-ii-applications
################################################################

MathSciNet MR2337510
Publications results for "Author=(anderson and bassom and fowkes)"

@article {anderson-2007-boundary-tracing-ii-applications,
    AUTHOR = {Anderson, Michael L. and Bassom, Andrew P. and Fowkes,
              Neville},
      YEAR = {2007},
     TITLE = {Boundary tracing and boundary value problems. {II}.
              {Applications}},
   JOURNAL = {Proc. R. Soc. Lond. Ser. A Math. Phys. Eng. Sci.},
    VOLUME = {463},
    NUMBER = {2084},
     PAGES = {1925--1938},
      ISSN = {1364-5021},
       DOI = {10.1098/rspa.2007.1859},
       URL = {https://doi.org/10.1098/rspa.2007.1859},
}

################################################################
# anderssen-1969-ion-uptake-growing-roots
################################################################

@article {anderssen-1969-ion-uptake-growing-roots,
    AUTHOR = {Anderssen, R. S. and Hale, R. P. and Radok, J. R. M.},
      YEAR = {1969},
     TITLE = {The simulation with mathematical models of ion uptake by
              growing roots},
   JOURNAL = {Plant Soil},
    VOLUME = {30},
    NUMBER = {2},
     PAGES = {271--289},
      ISSN = {0032-079X},
       DOI = {10.1007/BF01349515},
       URL = {https://doi.org/10.1007/BF01349515},
}

################################################################
# bartas-1960-radiation-fin-effectiveness
################################################################

@article {bartas-1960-radiation-fin-effectiveness,
    AUTHOR = {Bartas, J. G. and Sellers, W. H.},
      YEAR = {1960},
     TITLE = {Radiation Fin Effectiveness},
   JOURNAL = {J. Heat Transfer},
    VOLUME = {82},
    NUMBER = {1},
     PAGES = {73--75},
      ISSN = {0022-1481},
       DOI = {10.1115/1.3679882},
       URL = {https://doi.org/10.1115/1.3679882},
}

################################################################
# chambers-1959-radiation-fin-efficiency-circular
################################################################

@article {chambers-1959-radiation-fin-efficiency-circular,
    AUTHOR = {Chambers, R. L. and Somers, E. V.},
      YEAR = {1959},
     TITLE = {Radiation fin efficiency
              for one-dimensional heat flow in a circular fin},
   JOURNAL = {J. Heat Transfer},
    VOLUME = {81},
    NUMBER = {4},
     PAGES = {327--329},
       DOI = {10.1115/1.4008219},
       URL = {https://doi.org/10.1115/1.4008219},
}

################################################################
# concus-1969-behavior-capillary-surface-wedge
################################################################

@article {concus-1969-behavior-capillary-surface-wedge,
    AUTHOR = {Concus, Paul and Finn, Robert},
     TITLE = {On the behavior of a capillary surface in a wedge},
   JOURNAL = {Proc. Natl. Acad. Sci.},
    VOLUME = {63},
    NUMBER = {2},
      YEAR = {1969},
     PAGES = {292--299},
       DOI = {10.1073/pnas.63.2.292},
}

################################################################
# concus-1970-class-capillary-surfaces
################################################################

MathSciNet MR0273889
Publications results for "Author=(concus AND finn) AND Title=(class)"

@article {concus-1970-class-capillary-surfaces,
    AUTHOR = {Concus, Paul and Finn, Robert},
     TITLE = {On a class of capillary surfaces},
   JOURNAL = {J. Analyse Math.},
    VOLUME = {23},
      YEAR = {1970},
     PAGES = {65--70},
      ISSN = {0021-7670},
       DOI = {10.1007/BF02795489},
       URL = {https://doi.org/10.1007/BF02795489},
}

################################################################
# crenshaw-2018-generalization-radial-limits-bounded
################################################################

MathSciNet MR3733977
Publications results for "Author=(crenshaw) AND Title=(generalization)"

@article {crenshaw-2018-generalization-radial-limits-bounded,
    AUTHOR = {Crenshaw, Julie N. and Echart, Alexandra K. and Lancaster,
              Kirk E.},
     TITLE = {A generalization of ``{Existence} and behavior of the radial
              limits of a bounded capillary surface at a corner''},
   JOURNAL = {Pacific J. Math.},
    VOLUME = {292},
      YEAR = {2018},
    NUMBER = {2},
     PAGES = {355--371},
      ISSN = {0030-8730},
       DOI = {10.2140/pjm.2018.292.355},
       URL = {https://doi.org/10.2140/pjm.2018.292.355},
}

################################################################
# entekhabi-2017-radial-limits-capillary-corners
################################################################

MathSciNet MR3667763
Publications results for "Author=(entekhabi) AND Title=(radial limits corners)"

@article {entekhabi-2017-radial-limits-capillary-corners,
    AUTHOR = {Entekhabi, Mozhgan and Lancaster, Kirk E.},
     TITLE = {Radial limits of capillary surfaces at corners},
   JOURNAL = {Pacific J. Math.},
    VOLUME = {288},
      YEAR = {2017},
    NUMBER = {1},
     PAGES = {55--67},
      ISSN = {0030-8730},
       DOI = {10.2140/pjm.2017.288.55},
       URL = {https://doi.org/10.2140/pjm.2017.288.55},
}

################################################################
# finn-1974-capillarity-phenomena
################################################################

MathSciNet MR0484001
Publications results for "Author=(finn) AND Title=(capillarity phenomena)"

@article {finn-1974-capillarity-phenomena,
    AUTHOR = {Finn, R.},
     TITLE = {Capillarity phenomena},
   JOURNAL = {Russian Math. Surveys},
    VOLUME = {29},
      YEAR = {1974},
    NUMBER = {4},
     PAGES = {133--153},
       DOI = {10.1070/RM1974v029n04ABEH001292},
}

################################################################
# finn-1977-internal-sphere-condition-capillary
################################################################

MathSciNet MR0434137
Publications results for "Author=(finn AND gerhardt)"

@article {finn-1977-internal-sphere-condition-capillary,
    AUTHOR = {Finn, Robert and Gerhardt, Claus},
     TITLE = {The internal sphere condition and the capillary problem},
   JOURNAL = {Ann. Mat. Pura Appl. (4)},
    VOLUME = {112},
      YEAR = {1977},
     PAGES = {13--31},
      ISSN = {0003-4622},
       DOI = {10.1007/BF02413473},
       URL = {https://doi.org/10.1007/BF02413473},
}

################################################################
# finn-1986-equilibrium-capillary-surfaces
################################################################

MathSciNet MR0816345
Publications results for
  "Author=(finn) AND Title=(equilibrium capillary surfaces)"

@book {finn-1986-equilibrium-capillary-surfaces,
    AUTHOR = {Finn, Robert},
     TITLE = {Equilibrium capillary surfaces},
    SERIES = {Grundlehren der Mathematischen Wissenschaften},
    VOLUME = {284},
 PUBLISHER = {Springer-Verlag, New York},
      YEAR = {1986},
     PAGES = {xvi+245},
      ISBN = {0-387-96174-7},
       DOI = {10.1007/978-1-4613-8584-4},
       URL = {https://doi.org/10.1007/978-1-4613-8584-4},
}

################################################################
# finn-1989-comparison-principle-capillary-surfaces
################################################################

MathSciNet MR0991023
Publications results for "Author=(finn AND hwang)"

@article {finn-1989-comparison-principle-capillary-surfaces,
    AUTHOR = {Finn, Robert and Hwang, Jenn-Fang},
     TITLE = {On the comparison principle for capillary surfaces},
   JOURNAL = {J. Fac. Sci. Univ. Tokyo Sect.~1A Math.},
    VOLUME = {36},
      YEAR = {1989},
    NUMBER = {1},
     PAGES = {131--134},
      ISSN = {0040-8980},
       DOI = {10.15083/00039435},
}

################################################################
# finn-1999-capillary-surface-interfaces
################################################################

MathSciNet MR1697840
Publications results for
  "Author=(finn) AND Title=(capillary surface interfaces)"

@article {finn-1999-capillary-surface-interfaces,
    AUTHOR = {Finn, Robert},
     TITLE = {Capillary surface interfaces},
   JOURNAL = {Notices Amer. Math. Soc.},
    VOLUME = {46},
      YEAR = {1999},
    NUMBER = {7},
     PAGES = {770--781},
      ISSN = {0002-9920},
}

################################################################
# finn-2002-eight-properties-capillary-surfaces
################################################################

MathSciNet MR1927037
Publications results for "Author=(finn) AND Title=(eight properties)"

@article {finn-2002-eight-properties-capillary-surfaces,
    AUTHOR = {Finn, Robert},
     TITLE = {Eight remarkable properties of capillary surfaces},
   JOURNAL = {Math. Intelligencer},
    VOLUME = {24},
      YEAR = {2002},
    NUMBER = {3},
     PAGES = {21--33},
      ISSN = {0343-6993},
       DOI = {10.1007/BF03024728},
       URL = {https://doi.org/10.1007/BF03024728},
}

################################################################
# finn-2002-some-properties-capillary-surfaces
################################################################

MathSciNet MR1936746
Publications results for "Author=(finn) AND Title=(some properties)"

@article {finn-2002-some-properties-capillary-surfaces,
    AUTHOR = {Finn, Robert},
     TITLE = {Some properties of capillary surfaces},
   JOURNAL = {Milan J. Math.},
    VOLUME = {70},
      YEAR = {2002},
     PAGES = {1--23},
      ISSN = {1424-9286},
       DOI = {10.1007/s00032-002-0001-y},
       URL = {https://doi.org/10.1007/s00032-002-0001-y},
}

################################################################
# fowkes-1998-surface-tension-effects-wedge
################################################################

MathSciNet MR1654638
Publications results for "Author=(fowkes) AND Title=(surface tension wedge)"

@article {fowkes-1998-surface-tension-effects-wedge,
    AUTHOR = {Fowkes, N. D. and Hood, M. J.},
     TITLE = {Surface tension effects in a wedge},
   JOURNAL = {Quart. J. Mech. Appl. Math.},
    VOLUME = {51},
      YEAR = {1998},
    NUMBER = {4},
     PAGES = {553--561},
      ISSN = {0033-5614},
       DOI = {10.1093/qjmam/51.4.553},
       URL = {https://doi.org/10.1093/qjmam/51.4.553},
}

################################################################
# gerhardt-1976-global-regularity-solutions-capillarity
################################################################

MathSciNet MR0602007
Publications results for
  "Author=(gerhardt) AND Title=(global regularity capillarity)"

@article {gerhardt-1976-global-regularity-solutions-capillarity,
    AUTHOR = {Gerhardt, Claus},
     TITLE = {Global regularity of the solutions to the capillarity problem},
   JOURNAL = {Ann. Scuola Norm. Sup. Pisa Cl. Sci. (4)},
    VOLUME = {3},
      YEAR = {1976},
    NUMBER = {1},
     PAGES = {157--175},
      ISSN = {0391-173X},
       URL = {http://www.numdam.org/item/ASNSP_1976_4_3_1_157_0},
}

################################################################
# gerhardt-1980-free-bvp-capillary-surfaces
################################################################

MathSciNet MR0607981
Publications results for
  "Author=(gerhardt) AND Title=(free boundary capillary surfaces)"

@article {gerhardt-1980-free-bvp-capillary-surfaces,
    AUTHOR = {Gerhardt, Claus},
     TITLE = {A free boundary value problem for capillary surfaces},
   JOURNAL = {Pacific J. Math.},
    VOLUME = {88},
      YEAR = {1980},
    NUMBER = {2},
     PAGES = {285--295},
      ISSN = {0030-8730},
       DOI = {10.2140/pjm.1980.88.285},
}

################################################################
# keller-1970-radiation-annular-fins-trapezoidal
################################################################

@article {keller-1970-radiation-annular-fins-trapezoidal,
    AUTHOR = {Keller, H. H. and Holdredge, E. S.},
      YEAR = {1970},
     TITLE = {Radiation Heat Transfer for Annular Fins of Trapezoidal Profile},
   JOURNAL = {J. Heat Transfer},
    VOLUME = {92},
    NUMBER = {1},
     PAGES = {113--116},
       DOI = {10.1115/1.3449597},
       URL = {https://doi.org/10.1115/1.3449597},
}

################################################################
# king-1999-laplace-young-near-corner
################################################################

MathSciNet MR1681457
Publications results for "Author=(king) AND Title=(laplace young)"

@article {king-1999-laplace-young-near-corner,
    AUTHOR = {King, J. R. and Ockendon, J. R. and Ockendon, H.},
     TITLE = {The {Laplace}--{Young} equation near a corner},
   JOURNAL = {Quart. J. Mech. Appl. Math.},
    VOLUME = {52},
      YEAR = {1999},
    NUMBER = {1},
     PAGES = {73--97},
      ISSN = {0033-5614},
       DOI = {10.1093/qjmam/52.1.73},
       URL = {https://doi.org/10.1093/qjmam/52.1.73},
}

################################################################
# korevaar-1980-capillary-re-entrant-corner
################################################################

MathSciNet MR0607985
Publications results for "Author=(korevaar) AND Title=(corner)"

@article {korevaar-1980-capillary-re-entrant-corner,
    AUTHOR = {Korevaar, Nicholas J.},
     TITLE = {On the behavior of a capillary surface at a re-entrant corner},
   JOURNAL = {Pacific J. Math.},
    VOLUME = {88},
      YEAR = {1980},
    NUMBER = {2},
     PAGES = {379--385},
      ISSN = {0030-8730},
       DOI = {10.2140/pjm.1980.88.379},
}

################################################################
# lancaster-1996-radial-limits-bounded-capillary
# lancaster-1997-correction-radial-limits-bounded
################################################################

MathSciNet MR1433987
MathSciNet MR1452541
Publications results for
  "( Author=(lancaster) AND Title=(radial limits)) AND pubyear=1996"

@article {lancaster-1996-radial-limits-bounded-capillary,
    AUTHOR = {Lancaster, Kirk E. and Siegel, David},
     TITLE = {Existence and behavior of the radial limits of a bounded
              capillary surface at a corner},
   JOURNAL = {Pacific J. Math.},
    VOLUME = {176},
      YEAR = {1996},
    NUMBER = {1},
     PAGES = {165--194},
      ISSN = {0030-8730},
       DOI = {10.2140/pjm.1996.176.165},
}

@article {lancaster-1997-correction-radial-limits-bounded,
    AUTHOR = {Lancaster, Kirk E. and Siegel, David},
     TITLE = {Correction to: ``{Existence} and behavior of the radial limits
              of a bounded capillary surface at a corner''},
   JOURNAL = {Pacific J. Math.},
    VOLUME = {179},
      YEAR = {1997},
    NUMBER = {2},
     PAGES = {397--402},
      ISSN = {0030-8730},
       DOI = {10.2140/pjm.1997.179-2},
}

################################################################
# lancaster-2012-remarks-nonparametric-capillary-corners
################################################################

MathSciNet MR2981959
Publications results for
  "( Author=(lancaster) AND Title=(remarks)) AND pubyear=2012"

@article {lancaster-2012-remarks-nonparametric-capillary-corners,
    AUTHOR = {Lancaster, Kirk E.},
     TITLE = {Remarks on the behavior of nonparametric capillary surfaces at
              corners},
   JOURNAL = {Pacific J. Math.},
    VOLUME = {258},
      YEAR = {2012},
    NUMBER = {2},
     PAGES = {369--392},
      ISSN = {0030-8730},
       DOI = {10.2140/pjm.2012.258.369},
       URL = {https://doi.org/10.2140/pjm.2012.258.369},
}

################################################################
# lieblein-1959-radiant-fin-constant-thickness
################################################################

https://books.google.com.au/books?id=DhY3gvS9ZxgC

@technote {lieblein-1959-radiant-fin-constant-thickness,
     AUTHOR = {Lieblein, Seymour},
       YEAR = {1959},
      TITLE = {Analysis of temperature distribution and radiant heat transfer
               along a rectangular fin of constant thickness},
INSTITUTION = {National Aeronautics and Space Administration},
     NUMBER = {D-196},
        URL = {https://archive.org/details/nasa_techdoc_19890068385},
}

################################################################
# liu-1960-minimum-rectangular-radiating-fins
################################################################

@article {liu-1960-minimum-rectangular-radiating-fins,
    AUTHOR = {Liu, Chen-Ya},
      YEAR = {1960},
     TITLE = {On minimum-weight rectangular radiating fins},
   JOURNAL = {J. Aerosp. Sci.},
    VOLUME = {27},
    NUMBER = {11},
     PAGES = {871--872},
       DOI = {10.2514/8.8784},
       URL = {https://doi.org/10.2514/8.8784},
}

################################################################
# mcnabb-1991-theoretical-derivation-freezing-times
################################################################

MathSciNet MR1122040
Publications results for "Author=(mcnabb) AND Title=(freezing times)"

@article {mcnabb-1991-theoretical-derivation-freezing-times,
    AUTHOR = {McNabb, A. and Wake, G. C. and Lambourne, R. D. and Anderssen,
              R. S.},
      YEAR = {1991},
     TITLE = {Theoretical derivation of rules-of-thumb for freezing times},
   JOURNAL = {Inverse Probl.},
    VOLUME = {7},
    NUMBER = {4},
     PAGES = {633--642},
      ISSN = {0266-5611},
       DOI = {10.1088/0266-5611/7/4/009},
       URL = {https://doi.org/10.1088/0266-5611/7/4/009},
}

################################################################
# miersemann-1988-asymptotic-expansion-corner-capillary
################################################################

MathSciNet MR0961237
Publications results for "Author=(miersemann) AND Title=(corner capillary)"

@article {miersemann-1988-asymptotic-expansion-corner-capillary,
    AUTHOR = {Miersemann, Erich},
     TITLE = {Asymptotic expansion at a corner for the capillary problem},
   JOURNAL = {Pacific J. Math.},
    VOLUME = {134},
      YEAR = {1988},
    NUMBER = {2},
     PAGES = {299--311},
      ISSN = {0030-8730},
       DOI = {10.2140/pjm.1988.134.299},
}

################################################################
# miersemann-1993-asymptotic-corner-capillary-singular
################################################################

MathSciNet MR1197047
Publications results for "Author=(miersemann) AND Title=(corner singular)"

@article {miersemann-1993-asymptotic-corner-capillary-singular,
    AUTHOR = {Miersemann, Erich},
     TITLE = {Asymptotic expansion at a corner for the capillary problem:
              the singular case},
   JOURNAL = {Pacific J. Math.},
    VOLUME = {157},
      YEAR = {1993},
    NUMBER = {1},
     PAGES = {95--107},
      ISSN = {0030-8730},
       DOI = {10.2140/pjm.1993.157.95},
}

################################################################
# olver-2010-nist-handbook-mathematical-functions
################################################################

MathSciNet MR2723248
Publications results for "Title=(NIST handbook)"

@book {olver-2010-nist-handbook-mathematical-functions,
       TITLE = {{NIST} handbook of mathematical functions},
      EDITOR = {Olver, Frank W. J. and Lozier, Daniel W. and Boisvert, Ronald
                F. and Clark, Charles W.},
   PUBLISHER = {Cambridge University Press},
     ADDRESS = {Cambridge},
 INSTITUTION = {National Institute of Standards and Technology},
        YEAR = {2010},
        ISBN = {978-0-521-14063-8},
}

################################################################
# shouman-1968-exact-radiation-convection-fin
################################################################

@article {shouman-1968-exact-radiation-convection-fin,
    AUTHOR = {Shouman, A. R.},
      YEAR = {1968},
     TITLE = {An exact general solution for the temperature distribution
              and the composite radiation convection heat exchange
              along a constant cross-sectional area fin},
   JOURNAL = {Quart. Appl. Math.},
    VOLUME = {25},
    NUMBER = {4},
     PAGES = {458--462},
      ISSN = {0033-569X},
       DOI = {10.1090/qam/99882},
       URL = {https://doi.org/10.1090/qam/99882},
}

################################################################
# simon-1980-regularity-capillary-surfaces-corners
################################################################

MathSciNet MR0607984
Publications results for "Author=(simon) AND Title=(regularity corners)"

@article {simon-1980-regularity-capillary-surfaces-corners,
    AUTHOR = {Simon, Leon},
     TITLE = {Regularity of capillary surfaces over domains with corners},
   JOURNAL = {Pacific J. Math.},
    VOLUME = {88},
      YEAR = {1980},
    NUMBER = {2},
     PAGES = {363--377},
      ISSN = {0030-8730},
       DOI = {10.2140/pjm.1980.88.363},
}

################################################################
# tam-1986-regularity-capillary-corners-borderline
################################################################

MathSciNet MR0856173
Publications results for "Author=(tam) AND Title=(regularity borderline)"

@article {tam-1986-regularity-capillary-corners-borderline,
    AUTHOR = {Tam, Luen-Fai},
     TITLE = {Regularity of capillary surfaces over domains with corners:
              borderline case},
   JOURNAL = {Pacific J. Math.},
    VOLUME = {124},
      YEAR = {1986},
    NUMBER = {2},
     PAGES = {469--482},
      ISSN = {0030-8730},
       DOI = {10.2140/pjm.1986.124.469},
}

################################################################
# tiesinga-2019-2018-codata-recommended-constants
################################################################

https://physics.nist.gov/cuu/Reference/versioncon.shtml
Citation example:
  Eite Tiesinga, Peter J. Mohr, David B. Newell, and Barry N. Taylor (2020),
  "The 2018 CODATA Recommended Values of the Fundamental Physical Constants"
  (Web Version 8.1).
  Database developed by J. Baker, M. Douma, and S. Kotochigova.
  Available at http://physics.nist.gov/constants,
  National Institute of Standards and Technology, Gaithersburg, MD 20899.

@misc {tiesinga-2019-2018-codata-recommended-constants,
      AUTHOR = {Tiesinga, Eite and Mohr, Peter J.
                and Newell, David B. and Taylor, Barry N.},
        YEAR = {2019},
       TITLE = {The 2018 {CODATA} {Recommended} {Values}
                of the {Fundamental} {Physical} {Constants}},
         URL = {https://physics.nist.gov/cuu/Constants/},
 INSTITUTION = {National Institute of Standards and Technology},
HOWPUBLISHED = {(Web Version~8.1)},
        NOTE = {Accessed 14~April 2020},
}

################################################################
# titow-1984-pvc-technology
################################################################

https://en.wikipedia.org/w/index.php?title=Polyvinyl_chloride
  &oldid=980791865#CITEREFTitow1984
https://en.wikipedia.org/wiki/Special:BookSources/978-0-85334-249-6

https://books.google.com/books?id=N79YwkVx4kwC
  &q=%22Some%20Material%20Properties%20of%20PVC%20Products%20and%20Compounds%22
Page 1191

@book {titow-1984-pvc-technology,
      AUTHOR = {Titow, W. V.},
        YEAR = {1984},
       TITLE = {{PVC} {Technology}},
     EDITION = {4th},
   PUBLISHER = {Elsevier Applied Science Publishers},
     ADDRESS = {London},
}

################################################################
# wilkins-1960-minumum-mass-fins-radiation
################################################################

MathSciNet MR0127186
Publications results for "Author=(wilkins) AND Title=(fins)"

@article {wilkins-1960-minumum-mass-fins-radiation,
    AUTHOR = {Wilkins, Jr., J. Ernest},
      YEAR = {1960},
     TITLE = {Minumum-mass thin fins which transfer heat only by radiation
              to surroundings at absolute zero},
   JOURNAL = {J. Soc. Indust. Appl. Math.},
    VOLUME = {8},
    NUMBER = {4},
     PAGES = {630--639},
      ISSN = {0368-4245},
       DOI = {10.1137/0108047},
       URL = {https://doi.org/10.1137/0108047},
}

################################################################
# wilkins-1961-minimum-mass-fins-thickness
################################################################

MathSciNet MR0128328
Publications results for "Author=(wilkins) AND Title=(fins)"

@article {wilkins-1961-minimum-mass-fins-thickness,
    AUTHOR = {Wilkins, Jr., J. Ernest},
      YEAR = {1961},
     TITLE = {Minimum mass thin fins with specified minimum thickness},
   JOURNAL = {J. Soc. Indust. Appl. Math.},
    VOLUME = {9},
    NUMBER = {2},
     PAGES = {194--206},
      ISSN = {0368-4245},
       DOI = {10.1137/0109019},
       URL = {https://doi.org/10.1137/0109019},
}

################################################################
# wilkins-1962-minimum-mass-fins-gradients
################################################################

@article {wilkins-1962-minimum-mass-fins-gradients,
    AUTHOR = {Wilkins, Jr., J. Ernest},
      YEAR = {1962},
     TITLE = {Minimum-mass thin fins and constant temperature gradients},
   JOURNAL = {J. Soc. Indust. Appl. Math.},
    VOLUME = {10},
    NUMBER = {1},
     PAGES = {62--73},
       DOI = {10.1137/0110006},
       URL = {https://doi.org/10.1137/0110006},
}

################################################################
# wilkins-1974-optimum-shapes-convection-radiation
################################################################

@article {wilkins-1974-optimum-shapes-convection-radiation,
    AUTHOR = {Wilkins, Jr., J. Ernest},
      YEAR = {1974},
     TITLE = {Optimum shapes for fins rejecting heat
              by convection and radiation},
   JOURNAL = {J. Franklin Inst.},
    VOLUME = {297},
    NUMBER = {1},
     PAGES = {1--6},
       DOI = {10.1016/0016-0032(74)90133-1},
       URL = {https://doi.org/10.1016/0016-0032(74)90133-1},
}
