################################################################
# mcnabb-1991-theoretical-derivation-freezing-times
################################################################

MathSciNet MR1122040
"Author=(mcnabb) AND Title=(freezing times)"

@article {mcnabb-1991-theoretical-derivation-freezing-times,
    AUTHOR = {McNabb, A. and Wake, G. C. and Lambourne, R. D. and Anderssen,
              R. S.},
     TITLE = {Theoretical derivation of rules-of-thumb for freezing times},
   JOURNAL = {Inverse Problems},
  FJOURNAL = {Inverse Problems. An International Journal on the Theory and
              Practice of Inverse Problems, Inverse Methods and Computerized
              Inversion of Data},
    VOLUME = {7},
      YEAR = {1991},
    NUMBER = {4},
     PAGES = {633--642},
      ISSN = {0266-5611},
   MRCLASS = {80A20},
  MRNUMBER = {1122040},
       URL = {http://stacks.iop.org/0266-5611/7/633},
}
